% Put you own bibliography entries in this file
@Article{lookelsewhere,
author="E. Gross and O. Vitells",
title="Trial factors for the look elsewhere effect in high energy physics",
journal="Eur. Phys. J. C",
volume="70",
year="2010",
pages="525",
eprint="1005.1891",
archivePrefix="arXiv",
primaryClass="hep-ex",
doi="10.1140/epjc/s10052-010-1470-8"
}

@Article{wprime1,
author="G. Altarelli and B. Mele and M. Ruiz-Altaba",
title="Searching for new heavy vector bosons in $p\bar{p}$ colliders",
journal="Z. Phys. C",
volume="45",
year="1989",
pages="109",
doi="10.1007/BF01556677",
related = "wprime1_err",
relatedstring = "Erratum:"
}

@Article{wprime1_err,
journal="Z. Phys. C",
volume="47",
year="1990",
pages="676",
doi="10.1007/BF01552335"
}

@Article{ADD,
author="N. Arkani-Hamed and S. Dimopoulos and G. Dvali",
title="The hierarchy problem and new dimensions at a millimeter",
journal="Phys. Lett. B",
volume="429",
year="1998",
pages="263-272",
doi="10.1016/S0370-2693(98)00466-3",
eprint="hep-ph/9803315",
archivePrefix="arXiv"
}

@Article{qbh1,
author="D.M. Gingrich",
title="Quantum black holes with charge, colour and spin at the LHC",
journal="J. Phys. G",
volume="37",
year="2010",
pages="105008",
eprint="0912.0826",
archivePrefix="arXiv",
primaryClass="hep-ph",
doi="10.1088/0954-3899/37/10/105008"
}

@Article{qbh2,
author="X. Calmet and W. Gong and S.D.H. Hsu",
title="Colorful quantum black holes at the LHC",
journal="Phys. Lett. B",
volume="668",
pages="20",
year="2008",
eprint="0806.4605",
archivePrefix="arXiv",
primaryClass="hep-ph",
doi="10.1016/j.physletb.2008.08.011"
}

@Article{Dai:BlackMax,
author="D.-C. Dai and  G. Starkman and D. Stojkovic and C. Issever and E. Rizvi and J. Tseng",
title="BlackMax: A black-hole event generator with rotation, recoil, split branes, and brane tension",
journal="Phys. Rev. D",
volume="77",
pages="076007",
year="2008",
eprint="0711.3012",
archivePrefix="arXiv",
primaryClass="hep-ph",
doi="10.1103/PhysRevD.77.076007"
}

@Article{RS1,
author="L. Randall and R. Sundrum",
title="Large Mass Hierarchy from a Small Extra Dimension",
journal="Phys. Rev. Lett.",
volume="83",
year="1999",
pages="3370",
eprint="hep-ph/9905221",
archivePrefix="arXiv",
doi="10.1103/PhysRevLett.83.3370"
}

@Article{RS2,
author="B. C. Allanach and others",
title="Exploring Small Extra Dimensions at the Large Hadron Collider",
journal="JHEP",
volume="12",
year="2002",
pages="039",
eprint="hep-ph/0211205",
archivePrefix="arXiv",
doi="10.1088/1126-6708/2002/12/039"
}

@Article{qstar1,
author="U. Baur and I. Hinchliffe and D. Zeppenfeld",
title="Excited quark production at hadron colliders",
journal="Int. J. Mod. Phys. A",
volume="02",
year="1987",
pages="1285",
doi="10.1142/S0217751X87000661"
}

@Article{qstar2,
author="U. Baur and M. Spira and P.M. Zerwas",
title="Excited-quark and -lepton production at hadron colliders",
journal="Phys. Rev. D",
volume="42",
year="1990",
pages="815",
doi="10.1103/PhysRevD.42.815"
}

@Article{DM1,
author="J. Abdallah and others",
title="Simplified models for dark matter searches at the LHC",
journal = "Phys. Dark Universe",
volume="9",
year="2015",
pages="8",
eprint="1506.03116",
archivePrefix="arXiv",
primaryClass="hep-ph",
doi="10.1016/j.dark.2015.08.001"
}

@Article{DM2,
author="M. Fairbairn and J. Heal and F. Kahlhoefer and P. Tunney",
title="Constraints on Z' models from LHC dijet searches and implications for dark matter",
journal="JHEP",
volume="09",
year="2016",
pages="018",
eprint="1605.07940",
archivePrefix="arXiv",
primaryClass="hep-ph",
doi="10.1007/JHEP09(2016)018"
}

@Article{DM3,
author="D. Abercrombie and others",
title="Dark Matter Benchmark Models for Early LHC Run-2 Searches: Report of the ATLAS/CMS Dark Matter Forum",
year="2015",
  eprint    = "1507.00966",
  archivePrefix = "arXiv",
  primaryClass  =  "hep-ex"
}

@Article{zprime1,
author="P. Langacker",
title="The physics of heavy Z' gauge bosons",
journal="Rev. Mod. Phys.",
volume="81",
pages="1199",
year="2009",
eprint    = "0801.1345",
archivePrefix = "arXiv",
primaryClass  =  "hep-ph",
doi="10.1103/RevModPhys.81.1199"
}

@Article{zprime2,
author="C.-W. Chiang and T. Nomura and K. Yagyu",
title="Phenomenology of E6-inspired leptophobic Z' boson at the LHC",
journal="JHEP",
volume="05",
year="2014",
pages="106",
eprint = "1402.5579",
archivePrefix = "arXiv",
primaryClass  =  "hep-ph",
doi="10.1007/JHEP05(2014)106"
}

@Article{zprime3,
author="E. Eichten and I. Hinchliffe and K. Lane and C. Quigg",
title="Supercollider physics",
journal="Rev. Mod. Phys.",
volume="56",
year = "1984",
pages="579",
doi="10.1103/RevModPhys.56.579",
related="zprime3_err",
relatedstring="Erratum:"
}

@Article{zprime3_err,
journal="Rev. Mod. Phys.",
volume="58",
year = "1986",
pages="1065",
doi="10.1103/RevModPhys.58.1065"
}

@Article{UA1_dijet,
author="{UA1~Collaboration}",
title="Two-jet mass distributions at the CERN proton-antiproton collider",
journal="Phys. Lett. B",
volume = "209",
year = "1988",
pages = "127",
doi="10.1016/0370-2693(88)91843-6"
}

@article{UA2_dijet,
author="{UA2~Collaboration}",
title="A Search for new intermediate vector mesons and excited quarks decaying to two jets at the CERN $\bar{p}p$ collider",
journal="Nucl. Phys. B",
volume="400",
year="1993",
pages="3-22",
doi="10.1016/0550-3213(93)90395-6"
}

@Article{cdf_dijet,
author="{CDF~Collaboration}",
title="Search for new particles decaying into dijets in proton-antiproton collisions at $\sqrt{s}=1.96$ TeV",
journal="Phys. Rev. D",
volume="79",
year="2009",
pages="112002",
eprint    = "0812.4036",
archivePrefix = "arXiv",
primaryClass  =  "hep-ex",
doi="10.1103/PhysRevD.79.112002"
}

@Article{d0_dijet,
author="{D0~Collaboration}",
title="Measurement of Dijet Angular Distributions at $\sqrt{s}=1.96$ TeV and Searches for Quark Compositeness and Extra Spatial Dimensions",
journal="Phys. Rev. Lett.",
volume="103",
year="2009",
pages="191803",
eprint    = "0906.4819",
archivePrefix = "arXiv",
primaryClass  =  "hep-ex",
doi="10.1103/PhysRevLett.103.191803"
}

@article{Aaltonen:2008vt,
  author = "{CDF~Collaboration}",
  title     = "{Global search for new physics with 2.0~fb$^{-1}$ at CDF}",
  journal   = "Phys. Rev. D",
  volume    = "79",
  year      = "2009",
  pages     = "011101",
  eprint    = "0809.3781",
  archivePrefix = "arXiv",
  primaryClass  =  "hep-ex",
  doi       = "10.1103/PhysRevD.79.011101",
  SLACcitation  = "%%CITATION = 0809.3781;%%"
}

@booklet{Choudalakis:2011bh,
  author    = {Choudalakis, G.},
  title     = "{On hypothesis testing, trials factor, hypertests and the 
                BumpHunter}",
  eprint    = "1101.0390",
  archivePrefix = "arXiv",
  year = 2011,
  primaryClass  =  "physics.data-an",
  SLACcitation   = "%%CITATION = ARXIV:1101.0390;%%"
}

%CalcHEP
@article{CalcHEP,
      author         = "Belyaev, Alexander and Christensen, Neil D. and Pukhov,
                        Alexander",
      title          = "{CalcHEP 3.4 for collider physics within and beyond the
                        Standard Model}",
      journal        = "Comput. Phys. Commun.",
      volume         = "184",
      year           = "2013",
      pages          = "1729-1769",
      doi            = "10.1016/j.cpc.2013.01.014",
      eprint         = "1207.6082",
      archivePrefix  = "arXiv",
      primaryClass   = "hep-ph",
      reportNumber   = "PITT-PACC-1209",
      SLACcitation   = "%%CITATION = ARXIV:1207.6082;%%"
}

@article{Nagy:2001fj,
      author         = "Nagy, Zoltan",
      title          = "{Three Jet Cross Sections in Hadron-Hadron collisions at Next-To-Leading Order}",
      journal        = "Phys. Rev. Lett.",
      volume         = "88",
      year           = "2002",
      pages          = "122003",
      doi            = "10.1103/PhysRevLett.88.122003",
      eprint         = "hep-ph/0110315",
      archivePrefix  = "arXiv",
      reportNumber   = "IPPP-01-48, DCPT-01-96",
      SLACcitation   = "%%CITATION = HEP-PH/0110315;%%"
}

@article{Nagy:2003tz,
      author         = "Nagy, Zoltan",
      title          = "{Next-to-leading order calculation of three jet
                        observables in hadron hadron collision}",
      journal        = "Phys. Rev. D",
      volume         = "68",
      year           = "2003",
      pages          = "094002",
      doi            = "10.1103/PhysRevD.68.094002",
      eprint         = "hep-ph/0307268",
      archivePrefix  = "arXiv",
      SLACcitation   = "%%CITATION = HEP-PH/0307268;%%"
}

@article{Catani:1996vz,
      author         = "Catani, S. and Seymour, M. H.",
      title          = "{A general algorithm for calculating jet cross-sections in NLO QCD}",
      journal        = "Nucl. Phys. B",
      volume         = "485",
      year           = "1997",
      pages          = "291-419",
      doi            = "10.1016/S0550-3213(96)00589-5",
      eprint         = "hep-ph/9605323",
      archivePrefix  = "arXiv",
      reportNumber   = "CERN-TH-96-029, CERN-TH-96-29",
      SLACcitation   = "%%CITATION = HEP-PH/9605323;%%",
   Addendum = "Erratum: \href{https://doi.org/10.1016/S0550-3213(98)81022-5}{Nucl. Phys. B \textbf{510}, 503(1998)}"
}

@article{LUCID2,
  author={G. Avoni and others},
  title={The new LUCID-2 detector for luminosity measurement and monitoring in ATLAS},
  journal={JINST},
  volume={13},
  number={07},
  pages={P07017},
  doi="10.1088/1748-0221/13/07/P07017",
  year={2018},
}

%W* 
@article{Chizhov:2009fc,
      author         = "Chizhov, M. V. and Dvali, Gia",
      title          = "{Origin and phenomenology of weak-doublet spin-1 bosons}",
      journal        = "Phys. Lett. B",
      volume         = "703",
      year           = "2011",
      pages          = "593-598",
      doi            = "10.1016/j.physletb.2011.08.056",
      eprint         = "0908.0924",
      archivePrefix  = "arXiv",
      primaryClass   = "hep-ph",
      reportNumber   = "CERN-PH-TH-2009-146",
      SLACcitation   = "%%CITATION = ARXIV:0908.0924;%%"
}

%W*
@article{Chizhov:2010jg,
      author         = "Chizhov, M. V. and Bednyakov, V. A. and Budagov, J. A.",
      title          = "{A unique signal of excited bosons in dijet data from
                        pp-collisions}",
      journal        = "Phys. Atom. Nucl.",
      volume         = "75",
      year           = "2012",
      pages          = "90-96",
      doi            = "10.1134/S1063778812010061",
      eprint         = "1010.2648",
      archivePrefix  = "arXiv",
      primaryClass   = "hep-ph",
      SLACcitation   = "%%CITATION = ARXIV:1010.2648;%%"
}

%BAT framework
@article{Caldwell:2008fw,
      author         = "Caldwell, Allen and Kollar, Daniel and Kroninger, Kevin",
      title          = "{BAT \text{--} The Bayesian Analysis Toolkit}",
      journal        = "Comput. Phys. Commun.",
      volume         = "180",
      year           = "2009",
      pages          = "2197-2209",
      doi            = "10.1016/j.cpc.2009.06.026",
      eprint         = "0808.2552",
      archivePrefix  = "arXiv",
      primaryClass   = "physics.data-an",
      SLACcitation   = "%%CITATION = ARXIV:0808.2552;%%"
}
