%begin and end

@Article{DijetPaper,
   title={Search for new resonances in mass distributions of jet pairs using 139 $fb^{−1}$ of pp collisions at $\sqrt{\mathrm{s}}$ = 13 TeV with the ATLAS detector},
   volume={2020},
   ISSN={1029-8479},
   url={http://dx.doi.org/10.1007/JHEP03(2020)145},
   DOI={10.1007/jhep03(2020)145},
   number={3},
   journal={Journal of High Energy Physics},
   publisher={Springer Science and Business Media LLC},
   author = "{ATLAS Collaboration}",
   year={2020},
   month={Mar}}
   

@techreport{ATL-PHYS-PUB-2020-019,
      title         = "{Identification of Boosted Higgs Bosons Decaying Into
                       $b\bar{b}$ With Neural Networks and Variable Radius Subjets
                       in ATLAS}",
      institution   = "CERN",
      collaboration = "ATLAS Collaboration",
      address       = "Geneva",
      number        = "ATL-PHYS-PUB-2020-019",
      month         = "Jul",
      year          = "2020",
      reportNumber  = "ATL-PHYS-PUB-2020-019",
      url           = "http://cds.cern.ch/record/2724739",
      author = "{ATLAS Collaboration}",
}

@article{DXBB1,
   title={Search for dark matter in association with a Higgs boson decaying to b-quarks in pp collisions at $\sqrt{s}$=13 TeV with the ATLAS detector},
   volume={765},
   ISSN={0370-2693},
   url={http://dx.doi.org/10.1016/j.physletb.2016.11.035},
   DOI={10.1016/j.physletb.2016.11.035},
   journal={Physics Letters B},
   publisher={Elsevier BV},
   author = "{ATLAS Collaboration}",
   year={2017},
   month={Feb},
   pages={11–31}
}

@article{DXBB2,
title = {A search for resonances decaying into a Higgs boson and a new particle X in the XH→qqbb final state with the ATLAS detector},
journal = {Physics Letters B},
volume = {779},
pages = {24-45},
year = {2018},
issn = {0370-2693},
doi = {https://doi.org/10.1016/j.physletb.2018.01.042},
url = {https://www.sciencedirect.com/science/article/pii/S0370269318300509},
author = "{ATLAS Collaboration}",
}

@article{DXBB3,
   title={Search for Dark Matter Produced in Association with a Higgs Boson Decaying to $b\bar{b}$ Using 36 $ fb^{−1}$ of pp Collisions at $\sqrt{s}$=13  TeV with the ATLAS Detector},
   volume={119},
   ISSN={1079-7114},
   url={http://dx.doi.org/10.1103/PhysRevLett.119.181804},
   DOI={10.1103/physrevlett.119.181804},
   number={18},
   journal={Physical Review Letters},
   publisher={American Physical Society (APS)},
   author = "{ATLAS Collaboration}",
   year={2017},
   month={Nov}
}

@article{DXBB4,
   title={Dark Matter benchmark models for early LHC Run-2 Searches: Report of the ATLAS/CMS Dark Matter Forum},
   volume={27},
   ISSN={2212-6864},
   url={http://dx.doi.org/10.1016/j.dark.2019.100371},
   DOI={10.1016/j.dark.2019.100371},
   journal={Physics of the Dark Universe},
   publisher={Elsevier BV},
   author = "{ATLAS Collaboration}",
   year={2020},
   month={Jan},
   pages={100371}
}

@article{DXBB5,
   title={Mono-Higgs detection of dark matter at the LHC},
   volume={2014},
   ISSN={1029-8479},
   url={http://dx.doi.org/10.1007/JHEP06(2014)078},
   DOI={10.1007/jhep06(2014)078},
   number={6},
   journal={Journal of High Energy Physics},
   publisher={Springer Science and Business Media LLC},
   author={Berlin, Asher and Lin, Tongyan and Wang, Lian-Tao},
   year={2014},
   month={Jun}
}

@article{DXBB6,
   title={Theory and phenomenology of two-Higgs-doublet models},
   volume={516},
   ISSN={0370-1573},
   url={http://dx.doi.org/10.1016/j.physrep.2012.02.002},
   DOI={10.1016/j.physrep.2012.02.002},
   number={1-2},
   journal={Physics Reports},
   publisher={Elsevier BV},
   author={Branco, G.C. and Ferreira, P.M. and Lavoura, L. and Rebelo, M.N. and Sher, Marc and Silva, João P.},
   year={2012},
   month={Jul},
   pages={1–102}
}


@article{DXBB7,
   title={UV complete partially composite pseudo-Nambu Goldstone boson Higgs},
   volume={95},
   ISSN={2470-0029},
   url={http://dx.doi.org/10.1103/PhysRevD.95.035038},
   DOI={10.1103/physrevd.95.035038},
   number={3},
   journal={Physical Review D},
   publisher={American Physical Society (APS)},
   author={Galloway, Jamison and Kagan, Alexander L. and Martin, Adam},
   year={2017},
   month={Feb}
}

@article{DXBB8,
   title={Simultaneous search for extra light and heavy Higgs bosons via cascade decays},
   volume={2017},
   ISSN={1029-8479},
   url={http://dx.doi.org/10.1007/JHEP11(2017)008},
   DOI={10.1007/jhep11(2017)008},
   number={11},
   journal={Journal of High Energy Physics},
   publisher={Springer Science and Business Media LLC},
   author={Ellwanger, Ulrich and Rodríguez-Vázquez, Matías},
   year={2017},
   month={Nov}
}

@article{DXBB9,
   title={LHC signals from cascade decays of warped vector resonances},
   volume={2017},
   ISSN={1029-8479},
   url={http://dx.doi.org/10.1007/JHEP05(2017)078},
   DOI={10.1007/jhep05(2017)078},
   number={5},
   journal={Journal of High Energy Physics},
   publisher={Springer Science and Business Media LLC},
   author={Agashe, Kaustubh S. and Collins, Jack H. and Du, Peizhi and Hong, Sungwoo and Kim, Doojin and Mishra, Rashmish K.},
   year={2017},
   month={May}
}

@article{DXBB10,
   title={Heavy vector triplets: bridging theory and data},
   volume={2014},
   ISSN={1029-8479},
   url={http://dx.doi.org/10.1007/JHEP09(2014)060},
   DOI={10.1007/jhep09(2014)060},
   number={9},
   journal={Journal of High Energy Physics},
   publisher={Springer Science and Business Media LLC},
   author={Pappadopulo, Duccio and Thamm, Andrea and Torre, Riccardo and Wulzer, Andrea},
   year={2014},
   month={Sep}
}


@article{DXBB11,
   title={Combining searches of Z′ and W′ bosons},
   volume={2013},
   ISSN={1029-8479},
   url={http://dx.doi.org/10.1007/JHEP01(2013)166},
   DOI={10.1007/jhep01(2013)166},
   number={1},
   journal={Journal of High Energy Physics},
   publisher={Springer Science and Business Media LLC},
   author={De Blas, J. and Lizana, J. M. and Pérez-Victoria, M.},
   year={2013},
   month={Jan}
}


@MISC{HLLHC,
author = {Lucio Rossi},
title = {The HL-LHC project},
year = {2020},
howpublished={\url{https://hilumilhc.web.cern.ch/content/hl-lhc-project}}
}


@MISC{DIJETSUM,
author = "{ATLAS Collaboration}",
title = {Summary plots from the ATLAS Exotic physics group},
year = {2020},
howpublished={\url{https://atlas.web.cern.ch/Atlas/GROUPS/PHYSICS/CombinedSummaryPlots/EXOTICS/}}
}



@MISC{TALOS,
author = {Mikko Kotila},
title = {Autonomio Talos},
year = {2019},
howpublished={\url{http://github.com/autonomio/talos}}
}

% ML

@article{FDNN,
   title={Deep learning in neural networks: An overview},
   volume={61},
   ISSN={0893-6080},
   url={http://dx.doi.org/10.1016/j.neunet.2014.09.003},
   DOI={10.1016/j.neunet.2014.09.003},
   journal={Neural Networks},
   publisher={Elsevier BV},
   author={Schmidhuber, Jürgen},
   year={2015},
   month={Jan},
   pages={85–117}
}


@book{JNN62,
   title =     {Classification and regression trees},
   author =    {Leo Breiman and  Jerome Friedman and  Richard A. Olshen and  Charles J. Stone},
   publisher = {CRC},
   isbn =      {0-412-04841-8},
   year =      {1984},
   series =    {The Wadsworth statistics / probability series},
   edition =   {},
   volume =    {},
   }

@article{JNN63,
    author = "Freund, Yoav and Schapire, Robert E.",
    title = "{A Decision-Theoretic Generalization of On-Line Learning and an Application to Boosting}",
    doi = "10.1006/jcss.1997.1504",
    journal = "J. Comput. Syst. Sci.",
    volume = "55",
    number = "1",
    pages = "119--139",
    year = "1997"
}

@article{JNN64,
   title={Boosted decision trees as an alternative to artificial neural networks for particle identification},
   volume={543},
   ISSN={0168-9002},
   url={http://dx.doi.org/10.1016/j.nima.2004.12.018},
   DOI={10.1016/j.nima.2004.12.018},
   number={2-3},
   journal={Nuclear Instruments and Methods in Physics Research Section A: Accelerators, Spectrometers, Detectors and Associated Equipment},
   publisher={Elsevier BV},
   author={Roe, Byron P. and Yang, Hai-Jun and Zhu, Ji and Liu, Yong and Stancu, Ion and McGregor, Gordon},
   year={2005},
   month={May},
   pages={577–584}
}

@article{JNN65,
   title={Deep Learning and Its Application to LHC Physics},
   volume={68},
   ISSN={1545-4134},
   url={http://dx.doi.org/10.1146/annurev-nucl-101917-021019},
   DOI={10.1146/annurev-nucl-101917-021019},
   number={1},
   journal={Annual Review of Nuclear and Particle Science},
   publisher={Annual Reviews},
   author={Guest, Dan and Cranmer, Kyle and Whiteson, Daniel},
   year={2018},
   month={Oct},
   pages={161–181}
}

@article{JNN66,
      title         = "{Machine learning at the energy and  intensity frontiers
                       of particle physics}",
      journal       = "Nature",
      number        = "PRESSCUT-H-2018-405",
      volume        = "560",
      pages         = "pp. 41–48",
      year          = "2018",
      reportNumber  = "PRESSCUT-H-2018-405",
      url           = "http://cds.cern.ch/record/2647378",
      doi           = "DOI:10.1038/s41586-018-0361-2",
      author={Radovic, A and Williams, M and Rousseau, D and  Kagan, M and  Bonacorsi, D and  Himmel, A and  Aurisano, A and  Terao, K and  Wongjirad, T},
}

@article{JNN67,
   title={Searching for exotic particles in high-energy physics with deep learning},
   volume={5},
   ISSN={2041-1723},
   url={http://dx.doi.org/10.1038/ncomms5308},
   DOI={10.1038/ncomms5308},
   number={1},
   journal={Nature Communications},
   publisher={Springer Science and Business Media LLC},
   author={Baldi, P. and Sadowski, P. and Whiteson, D.},
   year={2014},
   month={Jul}
}

@article{JNN68,
   title={Parameterized neural networks for high-energy physics},
   volume={76},
   ISSN={1434-6052},
   url={http://dx.doi.org/10.1140/epjc/s10052-016-4099-4},
   DOI={10.1140/epjc/s10052-016-4099-4},
   number={5},
   journal={The European Physical Journal C},
   publisher={Springer Science and Business Media LLC},
   author={Baldi, Pierre and Cranmer, Kyle and Faucett, Taylor and Sadowski, Peter and Whiteson, Daniel},
   year={2016},
   month={Apr}
}


@article{JNN69,
  title = {Jet substructure classification in high-energy physics with deep neural networks},
  author = {Baldi, Pierre and Bauer, Kevin and Eng, Clara and Sadowski, Peter and Whiteson, Daniel},
  journal = {Phys. Rev. D},
  volume = {93},
  issue = {9},
  pages = {094034},
  numpages = {8},
  year = {2016},
  month = {May},
  publisher = {American Physical Society},
  doi = {10.1103/PhysRevD.93.094034},
  url = {https://link.aps.org/doi/10.1103/PhysRevD.93.094034}
}

@article{JNN70,
   title={Jet-images — deep learning edition},
   volume={2016},
   ISSN={1029-8479},
   url={http://dx.doi.org/10.1007/JHEP07(2016)069},
   DOI={10.1007/jhep07(2016)069},
   number={7},
   journal={Journal of High Energy Physics},
   publisher={Springer Science and Business Media LLC},
   author={de Oliveira, Luke and Kagan, Michael and Mackey, Lester and Nachman, Benjamin and Schwartzman, Ariel},
   year={2016},
   month={Jul}
}

@article{JNN71,
   title={Jet substructure at the Large Hadron Collider: A review of recent advances in theory and machine learning},
   volume={841},
   ISSN={0370-1573},
   url={http://dx.doi.org/10.1016/j.physrep.2019.11.001},
   DOI={10.1016/j.physrep.2019.11.001},
   journal={Physics Reports},
   publisher={Elsevier BV},
   author={Larkoski, Andrew J. and Moult, Ian and Nachman, Benjamin},
   year={2020},
   month={Jan},
   pages={1–63}
}

@article{JNN72,
   title={Jet flavor classification in high-energy physics with deep neural networks},
   volume={94},
   ISSN={2470-0029},
   url={http://dx.doi.org/10.1103/PhysRevD.94.112002},
   DOI={10.1103/physrevd.94.112002},
   number={11},
   journal={Physical Review D},
   publisher={American Physical Society (APS)},
   author={Guest, Daniel and Collado, Julian and Baldi, Pierre and Hsu, Shih-Chieh and Urban, Gregor and Whiteson, Daniel},
   year={2016},
   month={Dec}
}

@article{JNN73,
   title={QCD-aware recursive neural networks for jet physics},
   volume={2019},
   ISSN={1029-8479},
   url={http://dx.doi.org/10.1007/JHEP01(2019)057},
   DOI={10.1007/jhep01(2019)057},
   number={1},
   journal={Journal of High Energy Physics},
   publisher={Springer Science and Business Media LLC},
   author={Louppe, Gilles and Cho, Kyunghyun and Becot, Cyril and Cranmer, Kyle},
   year={2019},
   month={Jan}
}

@article{JNN74,
   title={Energy flow polynomials: a complete linear basis for jet substructure},
   volume={2018},
   ISSN={1029-8479},
   url={http://dx.doi.org/10.1007/JHEP04(2018)013},
   DOI={10.1007/jhep04(2018)013},
   number={4},
   journal={Journal of High Energy Physics},
   publisher={Springer Science and Business Media LLC},
   author={Komiske, Patrick T. and Metodiev, Eric M. and Thaler, Jesse},
   year={2018},
   month={Apr}
}

@article{JNN75,
   title={Energy flow networks: deep sets for particle jets},
   volume={2019},
   ISSN={1029-8479},
   url={http://dx.doi.org/10.1007/JHEP01(2019)121},
   DOI={10.1007/jhep01(2019)121},
   number={1},
   journal={Journal of High Energy Physics},
   publisher={Springer Science and Business Media LLC},
   author={Komiske, Patrick T. and Metodiev, Eric M. and Thaler, Jesse},
   year={2019},
   month={Jan}
}

@article{JNN76,
   title={The Machine Learning landscape of top taggers},
   volume={7},
   ISSN={2542-4653},
   url={http://dx.doi.org/10.21468/SciPostPhys.7.1.014},
   DOI={10.21468/scipostphys.7.1.014},
   number={1},
   journal={SciPost Physics},
   publisher={Stichting SciPost},
   author={Kasieczka, Gregor and Plehn, Tilman and Butter, Anja and Cranmer, Kyle and Debnath, Dipsikha and Dillon, Barry M. and Fairbairn, Malcolm and Faroughy, Darius A. and Fedorko, Wojtek and Gay, Christophe and et al.},
   year={2019},
   month={Jul}
}




@article{ZBOSON,
    author = "Hasert, F. J. and others",
    collaboration = "Gargamelle Neutrino",
    title = "{Observation of Neutrino Like Interactions Without Muon Or Electron in the Gargamelle Neutrino Experiment}",
    doi = "10.1016/0370-2693(73)90499-1",
    journal = "Phys. Lett. B",
    volume = "46",
    pages = "138--140",
    year = "1973"
}







@book{IEEE-1363,
  author          = {{IEEE Std 1363-2000}},
  title           = {{IEEE} Standard Specifications for Public-Key Cryptography},
  address         = {New York},
  publisher       = {IEEE},
  year            = 2000
}

@inproceedings{kocher99,
  author          = {C. Kocher and J. Jaffe and B. Jun},
  title           = {Differential Power Analysis},
  editor          = {M. Wiener},
  booktitle       = {Advances in Cryptology ({CRYPTO}~'99)},
  series          = {Lecture Notes in Computer Science},
  volume          = 1666,
  pages           = {388-397},
  publisher       = {Springer-Verlag},
  address         = {Germany},
  month           = {August},
  year            = 1999
}

@incollection{Krasnogor2004e,
  author          = {N. Krasnogor},
  title           = {Towards robust memetic algorithms},
  booktitle       = {Recent Advances in Memetic Algorithms},
  publisher       = {Springer Berlin Heidelberg},
  year            = 2004,
  pages           = {185-207},
  editor          = {W.E. Hart and N. Krasnogor and J.E. Smith},
  volume          = 166,
  series          = {Studies in Fuzziness and Soft Computing},
  address         = {New York},
}

@incollection{zjsw,
  author          = {班固},
  title           = {苏武传},
  booktitle       = {传记散文英华},
  publisher       = {湖北人民出版社},
  year            = 1998,
  pages           = {65-69},
  editor          = {郑在瀛 and 汪超宏 and 周文复},
  volume          = 2,
  series          = {新古文观止丛书},
  address         = {武汉},
}

@inbook{clzs,
  author          = {阎真},
  title           = {沧浪之水},
  chapter         = {大人物还是讲人情的},
  pages           = {185-207},
  publisher       = {人民文学出版社},
  address         = {北京},
  year            = 2001,
}

@book{tex,
  author          = "Donald E. Knuth",
  title           = "The {\TeX}book",
  publisher       = "Addison-Wesley Publishing Company",
  address         = "Reading, MA",
  year            = 1989,
  edition         = "15th",
}

@book{companion,
  author          = "Michel Goosens and Frank Mittelbach and Alexander Samarin",
  title           = "The {\LaTeX} Companion",
  publisher       = "Addison-Wesley Publishing Company",
  address         = "Reading, MA",
  PAGES           = "112--125",
  year            = 1994,
}

@article{ELIDRISSI94,
  author          = "{Chafik El Idrissi}, M. and {Roney}, A. and {Frigon}, C.
                  and {Larzilli{\`e}re}, M.",
  title           = "Measurements of total kinetic-energy released to the
                  {$N=2$} dissociation limit of {H}$_2$ --- evidence of the
                  dissociation of very high vibrational {R}ydberg states of
                  {H}$_2$ by doubly-excited states",
  journal         = "Chemical Physics Letters",
  pages           = "260-266",
  volume          = 224,
  number          = 10,
  year            = 1994,
}

@article{MELLINGER96,
  author          = "Mellinger, A. and Vidal, C. R. and Jungen, Ch.",
  title           = "Laser reduced fluorescence study of the carbon-monoxide nd
                  triplet {R}ydberg series-experimental results and multichannel
                  quantum-defect analysis",
  journal         = "J. Chem. Phys.",
  pages           = "8913-8921",
  volume          = 104,
  number          = 5,
  year            = 1996,
}

@article{SHELL02,
  author          = "Michael Shell",
  title           = "How to Use the {IEEEtran \LaTeX} Class",
  journal         = "Journal of {\LaTeX} Class Files",
  year            = 2002,
  volume          = 12,
  number          = 4,
  pages           = "100--120"
}

@TechReport{NPB2,
  title =        {The {NAS} Parallel Benchmarks 2.0},
  author =       {Alex Woo and David Bailey and Maurice Yarrow and Wijngaart
                  Wijngaart and Tim Harris and William Saphir},
  year =         1995,
  month =        dec # "~05",
  institution =  "The Pennsylvania State University CiteSeer Archives",
  url =          "http://www.nasa.org/"
}

@inproceedings{DPMG,
  author          = {Kim, Sangbum and Woo, Namyoon and Yeom, Heon Y. and Park,
                  Taesoon and Park, Hyoungwoo},
  title           = {Design and {I}mplementation of {D}ynamic {P}rocess
                  {M}anagement for {G}rid-enabled {MPICH}},
  booktitle       = {the 10th European PVM/MPI Users' Group Conference},
  editor          = {Jack Dongarra and Domenico Laforenza and Salvatore Orlando},
  publisher       = {Springer-Verlag},
  year            = 2003,
  address         = {Venice, Italy},
  month           = sep,
}

@inproceedings{cnproceed,
  author          = {王重阳 and 黄药师 and 欧阳峰 and 洪七公 and 段皇帝},
  publisher       = {金大庸},
  title           = {武林高手从入门到精通},
  booktitle       = {第~$N$~次华山论剑},
  year            = 2006,
  address         = {西安, 中国},
  month           = sep,
}

@article{cnarticle,
  author          = "贾宝玉 and 林黛玉 and 薛宝钗 and 贾探春",
  title           = "论刘姥姥食量大如牛之现实意义",
  journal         = "红楼梦杂谈",
  pages           = "260--266",
  volume          = 224,
  year            = 1800,
}

@mastersthesis{zhubajie,
  author =       {猪八戒},
  title =        {论流体食物的持久保存},
  school =       {广寒宫大学},
  year =         2005,
  address =      {北京},
}

@phdthesis{shaheshang,
  author =       {沙和尚},
  title =        {论流沙河的综合治理},
  school =       {清华大学},
  year =         2005,
  address =      {北京},
}

@mastersthesis{metamori2004,
  author =       {Ashwin Raju Jeyakumar},
  title =        {Metamori: A library for Incremental File Checkpointing},
  school =       {Virgina Tech},
  year =         2004,
  month =        jun # "~21",
  address =      {Blacksburg},
}

@phdthesis{FistSystem01,
  author =       "Erez Zadok",
  title =        "{FiST: A System for Stackable File System Code Generation}",
  year =         2001,
  month =        "May",
  school =       "Computer Science Department, Columbia University",
  address =      "USA"
}

@inbook{ColdSources,
  author          = {P. Gr{\"o}ning and L. Nilsson and P. Ruffieux and R.
                  Clergereaux and O. Gr{\"o}ning},
  title           = {Encyclopedia of Nanoscience and Nanotechnology},
  pages           = {547--579},
  publisher       = {American Scientific Publishers},
  year            = 2004,
  volume          = 1,
  address         = {USA},
}

@online{chuban2001,
  author          = {萧钰},
  title           = {出版业信息化迈入快车道},
  date            = {2001-12-19},
  urldate         = {2002-04-15},
  url             = {http://www.creader.com/news/200112190019.htm},
}

@online{oclc2000,
  author          = {{Online Computer Library Center, Inc.}},
  title           = {History of {OCLC}},
  year            = 2000,
  urldate         = {2000-01-08},
  url             = {http://www.oclc.org/about/history/default.htm},
}

@online{thuthesis,
  author          = {薛瑞尼},
  title           = {ThuThesis: 清华大学学位论文模板},
  urldate         = {2019-04-27},
  url             = {https://github.com/xueruini/thuthesis},
  year            = 2017,
}
